[gd_scene load_steps=5 format=2]

[ext_resource path="res://stages/base.tscn" type="PackedScene" id=1]
[ext_resource path="res://tileset/TileMapAuto.tscn" type="PackedScene" id=2]
[ext_resource path="res://entities/devices/door/door.tscn" type="PackedScene" id=3]
[ext_resource path="res://entities/devices/switch/switch.tscn" type="PackedScene" id=4]

[node name="Stage" index="0" instance=ExtResource( 1 )]

[node name="TileMapAuto" parent="Tiles" index="0" instance=ExtResource( 2 )]

tile_data = PoolIntArray( -65539, 0, 6, -65538, 0, 196609, -65537, 0, 196609, -131072, 0, 196609, -131071, 0, 196609, -131070, 0, 196609, -131069, 0, 196609, -131068, 0, 196609, -131067, 0, 196609, -131066, 0, 7, -3, 0, 65541, -65530, 0, 65541, 65533, 0, 65541, 6, 0, 65541, 131069, 0, 65542, 131070, 0, 196609, 131071, 0, 196609, 65536, 0, 196609, 65537, 0, 196609, 65538, 0, 196609, 65539, 0, 196609, 65540, 0, 196609, 65541, 0, 196609, 65542, 0, 65543 )

[node name="PlayerStartingPosition" parent="Entities" index="0"]

editor/display_folded = true

[node name="door" parent="Entities" index="1" instance=ExtResource( 3 )]

modulate = Color( 0.957031, 0.678463, 0.018692, 1 )
position = Vector2( 70.1416, 0.826902 )
scale = Vector2( 0.3125, 1.98136 )
_sections_unfolded = [ "Visibility" ]

[node name="door2" parent="Entities" index="2" instance=ExtResource( 3 )]

modulate = Color( 0.972656, 0.292557, 0.292557, 1 )
position = Vector2( 99.5189, 0.369419 )
scale = Vector2( 0.3125, 1.97621 )
_sections_unfolded = [ "Visibility" ]
toggle = true
closed = false

[node name="door3" parent="Entities" index="3" instance=ExtResource( 3 )]

modulate = Color( 0.972549, 0.290196, 0.290196, 1 )
position = Vector2( 203.392, 0.0584259 )
scale = Vector2( 0.3125, 1.9665 )
_sections_unfolded = [ "Visibility" ]
toggle = true

[node name="switch" parent="Entities" index="4" instance=ExtResource( 4 )]

modulate = Color( 0.956863, 0.678431, 0.0156863, 1 )
position = Vector2( -81.304, 50.9163 )
_sections_unfolded = [ "Visibility" ]

[node name="switch2" parent="Entities" index="5" instance=ExtResource( 4 )]

modulate = Color( 0.972549, 0.290196, 0.290196, 1 )
position = Vector2( 151.144, 48.5155 )
_sections_unfolded = [ "Visibility" ]
toggle = true

[connection signal="button_press" from="Entities/switch" to="Entities/door" method="_open"]

[connection signal="button_press" from="Entities/switch2" to="Entities/door2" method="_open"]

[connection signal="button_press" from="Entities/switch2" to="Entities/door3" method="_open"]


